%biblio

@incollection{Petr17,
	author = {Cintula, Petr and Fermüller, Christian G. and Noguera, Carles},
	title = {Fuzzy Logic},
	booktitle = {The Stanford Encyclopedia of Philosophy},
	editor = {Edward N. Zalta},
	howpublished = {\url{https://plato.stanford.edu/archives/fall2017/entries/logic-fuzzy/}},
	year = {2017},
	edition = {Fall 2017},
	publisher = {Metaphysics Research Lab, Stanford University}
}

@misc{WeissteinFuzzy,
    author = {Eric W. Weisstein},
    title = {Fuzzy Logic},
    note = {From Mathworld--a Wolfram Web Resource},
    howpublished = {Internet. http://mathworld.wolfram.com/NP-Problem.html}
}

@article{Suganthi15,
title = "Applications of fuzzy logic in renewable energy systems – A review",
author = "L. Suganthi and S. Iniyan and Anand A. Samuel",
journal = "Renewable and Sustainable Energy Reviews",
volume = "48",
number = "Supplement C",
pages = "585 - 607",
year = "2015",
issn = "1364-0321",
doi = "https://doi.org/10.1016/j.rser.2015.04.037",
url = "http://www.sciencedirect.com/science/article/pii/S136403211500307X"
}

@article{Singhala14,
  author = {Piyush Singhala and Dhrumil Shah and Bhavikkumar Patel},
  title = {Temperature Control using Fuzzy Logic},
  journal = {International Journal of Instrumentation and Control Systems},
  volume = {4},
  year = {2014},
  number = {1},
  url = {http://arxiv.org/abs/1402.3654}
}

@inbook{Mahbubur12,
	author = {Muhammad Mahbubur Rashid and Mohamed Azlan Hussain},
	title = {Fuzzy Logic Controller for Mechatronics and Automation},
	booktitle = {},
	chapter = {6},
	pages = {113-134},
	publisher = {InTech},
	year = {2012},
	month = {May},
	isbn = {978-953-51-0525-1},
}

@article{Chen17,
	author = {Ching-Han Chen and Chien-Chun Wang and Yi Tun Wang and Po Tung Wang},
	title = {Fuzzy Logic Controller Design for Intelligent Robots},
	journal = {Mathematical Problems in Engineering},
	year = {2017},
	doi = {10.1155/2017/8984713}
}

@mastersthesis{Ehrlich95,
	author = {Roger Ehrlich},
	title = {Fuzzy Logic Controller - Tremor Damper for an Electric Wheelchair},
	school = {Ryerson University},
	year = {1995},
	month = {May}
}


@inbook{Ponce-Cruz16,
author = "Ponce-Cruz, Pedro and Molina, Arturo and MacCleery, Brian",
title = "Literature Review for Digital Implementations of Fuzzy Logic Type-1 and Type-2",
bookTitle = "Fuzzy Logic Type 1 and Type 2 Based on LabVIEW{\texttrademark} FPGA",
year = "2016",
publisher = "Springer International Publishing",
address = "Cham",
pages = "1--70",
isbn = "978-3-319-26656-5",
doi = "10.1007/978-3-319-26656-5_1",
url = "https://doi.org/10.1007/978-3-319-26656-5_1"
}